@article{seeling2000,
	Author = {M. X. Seeling},
	Title = {Desenvolvimento de um Sistema e gestão da manutenção em uma empresa de Alimentos do Rio Grande do Sul},
	Page = {41},
	Year = {2000},
	Address = {Universidade Federal do Rio Grande do Sul}
}
	
@online{abraman,
	Author = {ABRAMAN},
	Title = {Associação Brasileira de Manuten{\c c}\~ao e Gest\~ao de Ativos},
	Year = {2013},
	Url = {http://www.abraman.org.br},
	Urldate = {04-06-2016}
}

@article{araujo2015,
	Author = {L. F. Araújo},
	Title = {Gestão da Qualidade em Manutenção.},
	Journaltitle = {Revista On-Line IPOG.},
	Date = {14-03-2015},
	Year = {2015}
}

@online{garrido,
	Author = {A. G. Garrido},
	Title = {TYPES OF MAINTENANCE},
	Date = {01-06-2016},
	Url = {http://www.mantenimientopetroquimica.com/en/typesofmaintenance.html},
	Year = {2011}
}

@online{efnms,
	Author = {EFNMS},
	Title = {European Federation of National Maintenance Societies},
	Year = {2016},
	Url = {http://www.efnms.org/What-EFNMS-stands-for/m13l2/What-EFNMS-stands-for.html},
	Date = {18-06-2016}
	
}

@article{valeria2013,
	Author = {Valéria Simões de Marco},
	Title = {GESTÃO DE ATIVOS E O PAS 55 – UM NOVO PARADIGMA?},
	Year = {2013},
	Address = { Programa de Monitoração da Eficácia da Manutenção na Gerência de Manutenção Integrada da Eletrobrás Eletronuclear S.A.}
	}

@Book{fulgencio2007,
	author = {Paulo Cesar Fulgencio},
	title = { Glossário Vade Mecum: administração pública, ciências contábeis, direito, economia, meio ambiente},
	publisher = {Mauad Editora Ltda},
	year = {2007},
	pages={64}
}

@Book{sullivan2003,
	author = {Arthur Sullivan and Steven M. Sheffrin},
	editor = {Pearson Prentice Hall},
	title = { Glossário Vade Mecum: administração pública, ciências contábeis, direito, economia, meio ambiente},
	year = {2003},
	pages={272},
	address = {Upper Saddle River, New Jersey}
}

@Book{prasadgulshan2011,
	author = {Lallan Prasad and SS Gulshan},
	editor = {Anurag Jain for Excel Books},
	title = {Management Principles and Practices},
	year = {2011},
	pages = {6,7}
}

@online{nicolay2015,
	author = {Marcio Nicolay},
	title = {Gestão eficaz de ativos PAS 55 / Série ISO 55000},
	year = {2015},
	event = {Event Automation & Power World Brasil}
}

@online{krar2009,
	author = {Steve Krar},
	title = {The IMPORTANCE of MAINTENANCE},
	year = {2009},
	url = {http://www.automationmag.com/}
}

@article{dekker1998,
	author = {Rommert Dekker},
	title = {Application of maintenance optimization models: a review and analysis.},
	year = {1998},
	pages={229-240}
}

@thesis{limacastilho2006,
	author = {Francisco Assis Lima and João Carlos Nogueira de Castilho},
	title = {Aspectos da Manutenção dos Equipamentos Científicos da Uiversidade de Brasília},
	type = {Dissertação},
	institution = {Universidade de Brasília},
	year = {2006},
}

@online{iam,
	author = {IAM},
	title = {Institute of Asset Management},
	year = {2016},
	date = {18-06-2016},
	url = {https://theiam.org/}
}

@online{micromain,
	author = {MicroMain Corporation},
	title = {WHAT IS A CMMS?},
	year = {2016},
	date = {18-06-2016},
	url = {http://www.micromain.com/what-is-a-cmms/}
}

@Book{koren2007,
	author = {Israel KOREN and C. Mani KRISHNA},
	editor = {Morgan Kaufmann Publishers},
	title = {Fault-Tolerant System},
	year = {2007},
	pages = {1-10, 311-328},
	address = {São Francisco, CA}
}

@online{capterra,
	Author = {CAPTERRA},
	Title = {Capterra - The Smart Way to Find Business Software},
	Year = {},
	Url = {http://www.capterra.com/},
	Date = {18-05-2016}
	
}

@online{dimeq,
	Author = {DIMEQ},
	Title = {titulo da página: Universidade de Brasília – Prefeitura dos campi},
	Year = {},
	Url = {http://www.prc.unb.br/Novo/?cmd=Unidades/dimeq.php},
	Date = {18-05-2016}	
}

@online{anuario2015,
	Author = {Universidade de Brasília},
	Title = {Anuário Estatístico da Universidade de Brasília, 2015},
	Year = {2015},
	Url = {http://www.dpo.unb.br/documentos/anuario/Anuarioparcial_2015.pdf},
	Date = {20-05-2016}	
}

@article{martorell1999,
	author = {S. MARTORELL and A. SANCHEZ and A. MUÑOZ and J. L. PITARCH and V. SERRADELL and J.ROLDAN},
	title = {The use of maintenance indicators to evaluate the effects of maintenance programs on NPP performance and safety.},
	year = {1999},
	pages = {85-94}
}

@article{lofsten1998,
	author = {H. Löfsten},
	title = {Maintenance of Municipal Infrastructure. Journal of Infrastructure Systems. (ASCE; American Society of Civil Engineers)},
	year = {1998},
	pages = { 139-145}
}


@article{kardecnascif2010,
  title={fun{\c{c}}{\~a}o estrat{\'e}gica/Alan Kardec, J{\'u}lio Nascif.--3. ed. Ver. e ampl},
  author={Kardec, Alan Manuten{\c{c}}{\~a}o},
  journal={Rio de Janeiro Qualitymark: Petrobras},
  year={2009}
}

@article{xenos1998gerenciando,
  title={Gerenciando a Manuten{\c{c}}{\~a}o Produtiva: o caminho para eliminar falhas nos equipamentos e aumentar a produtividade},
  author={XENOS, Harilaus G},
  journal={Belo Horizonte: EDG},
  year={1998}
}

@article{muchiri2011development,
  title={Development of maintenance function performance measurement framework and indicators},
  author={Muchiri, Peter and Pintelon, Liliane and Gelders, Ludo and Martin, Harry},
  journal={International Journal of Production Economics},
  volume={131},
  number={1},
  pages={295--302},
  year={2011},
  publisher={Elsevier}
}

@article{branco2006indicadores,
  title={Indicadores e {\'\i}ndices de manuten{\c{c}}{\~a}o},
  author={BRANCO FILHO, Gil},
  journal={Rio de Janeiro: Ci{\^e}ncia Moderna},
  year={2006}
}

@misc{british1993bs,
  title={BS 3811: 1993, Glossary of Terms Used in Terotechnology},
  author={British Standards Institution (BSI)},
  year={1993},
  publisher={BSI London.}
}

@article{de2012indicadores,
  title={Indicadores de desempenho da fun{\c{c}}{\~a}o manuten{\c{c}}{\~a}o: um enfoque em aciarias brasileiras},
  author={de Souza, Jos{\'e} Barrozo and Sacomano, Jos{\'e} Benedito and Kyrillos, S{\'e}rgio Luiz and Milreu, Francisco Jos{\'e} Santos},
  journal={Gepros: Gest{\~a}o da Produ{\c{c}}{\~a}o, Opera{\c{c}}{\~o}es e Sistemas},
  volume={7},
  number={3},
  pages={75},
  year={2012},
  publisher={Universidade Estadual Paulista-UNESP Bauru, Depto de Engenharia de Produ{\c{c}}{\~a}o}
}